@misc{scottchacon,
	author = "Scott Chacon",
	title = "GitHub Flow",
	year = "2011",
	url = "http://scottchacon.com/2011/08/31/github-flow.html",
	note = "[Online; accedido el 16 de noviembre de 2015]"
}

@misc{githubguides,
	author = "{GitHub}",
	title = "{Understanding the GitHub Flow}",
	year = "2013",
	url = "https://guides.github.com/introduction/flow/",
	note = "[Online; accedido el 16 de noviembre de 2015]"
}
